@ARTICLE{example,
    author={Dongliang Duan and Liuqing Yang and Yang Cao and Jiaolong Wei and Xiang Cheng},
    journal={Intelligent Systems, IEEE},
    title={Self-Organizing Networks: From Bio-Inspired to Social-Driven},
    year={2014},
    month={Mar},
    volume={29},
    number={2},
    pages={86-90},
    doi={10.1109/MIS.2014.27},
    ISSN={1541-1672},
}