@article {Trahtman:2009,
    AUTHOR = {Trahtman, A. N.},
     TITLE = {The road coloring problem},
   JOURNAL = {Israel J. Math.},
  FJOURNAL = {Israel Journal of Mathematics},
    VOLUME = {172},
      YEAR = {2009},
     PAGES = {51--60},
}
