
@misc{ROS,
    author = "Open Source Robotics Foundation",
    title = "{R}{O}{S}",
    year = "2007",
    url = "http://www.ros.org",
    note = "[Accessed 9-November-2017]"
}

@electronic{STDR,
    author = "Manos Tsardoulias, Chris Zalidis, Aris Thallas",
    title = "{S}{T}{D}{R} {S}imulator",
    year = "2007",
    url = "http://wiki.ros.org/stdr_simulator",
    note = "[Accessed 9-November-2017]"
}

@book{AGITR,
  title = {A {G}entle {I}ntroduction to {R}{O}{S}},
  author = {Jason M. O'Kane},
  publisher = {Independently published},
  month = oct,
  year = {2013},
  isbn = {978-1492143239},
  url = "http://www.cse.sc.edu/~jokane/agitr/"
}

@incollection{Reactive,
    publisher = {MIT Press},
    title = {Reactive Robotic Systems},
    year = {1995},
    author = {Ronald C. Arkin},
    booktitle = {Handbook of Brain Theory and Neural Networks},
    editor = {Michael A. Arbib},
    pages = {793--796}
}

