
@misc{ROS,
    author = "Open Source Robotics Foundation",
    title = "{R}{O}{S}",
    year = "2007",
    url = "http://www.ros.org",
    note = "[Accessed 3-January-2018]"
}

@misc{OpenCV,
    author = "Intel, Willow Garage and Itseez",
    title = "{O}pen{C}{V}",
    year = "1999",
    url = "https://opencv.org",
    note = "[Accessed 3-January-2018]"
}

@misc{Robobo,
  author = "Mytechia",
  title = "Robobo",
  year = "2016",
  url = "http://en.theroboboproject.com",
  note = "[Accessed 3-January-2018]"
}

@misc{Robobo_Programming,
  author = "Mytechia",
  title = "Robobo Programming",
  year = "2016",
  url = "https://bitbucket.org/mytechia/robobo-programming/wiki/Home",
  note = "[Accessed 3-January-2018]"
}

@misc{PID_wiki,
  author = "Wikipedia",
  title = "{P}{I}{D} Controller",
  year = "2002",
  url = "https://en.wikipedia.org/wiki/PID_controller",
  note = "[Accessed 3-January-2018]"
}

@misc{PID_line_follower,
  author = "Enigmerald",
  title = "{P}{I}{D} Tutorials for Line Following",
  year = "2014",
  url = "https://www.robotshop.com/letsmakerobots/pid-tutorials-line-following",
  note = "[Accessed 3-January-2018]"
}

@misc{moments_wiki,
  author = "Wikipedia",
  title = "Image Moment",
  year = "2005",
  url = "https://en.wikipedia.org/wiki/Image_moment",
  note = "[Accessed 3-January-2018]"
}

@misc{Scratch,
  author = "Lifelong Kindergarten Group at the MIT Media Lab",
  title = "Scratch",
  year = "2005",
  url = "https://scratch.mit.edu",
  note = "[Accessed 3-January-2018]"
}

@book{AGITR,
  title = {A {G}entle {I}ntroduction to {R}{O}{S}},
  author = {Jason M. O'Kane},
  publisher = {Independently published},
  month = oct,
  year = {2013},
  isbn = {978-1492143239},
  url = "http://www.cse.sc.edu/~jokane/agitr/"
}


